@book{adams1995hitchhiker,
  title={The Hitchhiker's Guide to the Galaxy},
  author={Adams, D.},
  isbn={9781417642595},
  url={http://books.google.com/books?id=W-xMPgAACAAJ},
  year={1995},
  publisher={San Val}
}

@book{vdMaaten,
  title={Visualizing Data Using t-SNE},
  author={van der Maaten, L.},
  url={https://www.youtube.com/watch?v=RJVL80Gg3lA},
  year={2013},
  publisher={Google Tech Talks}
}

@article{simonyan2013deep,
  title={Deep inside convolutional networks: Visualising image classification models and saliency maps},
  author={Simonyan, Karen and Vedaldi, Andrea and Zisserman, Andrew},
  journal={arXiv preprint arXiv:1312.6034},
  year={2013}
}

@inproceedings{zeiler2014visualizing,
  title={Visualizing and understanding convolutional networks},
  author={Zeiler, Matthew D and Fergus, Rob},
  booktitle={European conference on computer vision},
  pages={818--833},
  year={2014},
  organization={Springer}
}

@article{shrivastava2016learning,
  title={Learning from simulated and unsupervised images through adversarial training},
  author={Shrivastava, Ashish and Pfister, Tomas and Tuzel, Oncel and Susskind, Josh and Wang, Wenda and Webb, Russ},
  journal={arXiv preprint arXiv:1612.07828},
  year={2016}
}

@article{DBLP:journals/corr/SzegedyZSBEGF13,
  author    = {Christian Szegedy and
               Wojciech Zaremba and
               Ilya Sutskever and
               Joan Bruna and
               Dumitru Erhan and
               Ian J. Goodfellow and
               Rob Fergus},
  title     = {Intriguing properties of neural networks},
  journal   = {CoRR},
  volume    = {abs/1312.6199},
  year      = {2013},
  url       = {http://arxiv.org/abs/1312.6199},
  timestamp = {Wed, 07 Jun 2017 14:41:52 +0200},
  biburl    = {http://dblp.uni-trier.de/rec/bib/journals/corr/SzegedyZSBEGF13},
  bibsource = {dblp computer science bibliography, http://dblp.org}
}

@article{DBLP:journals/corr/LiL16e,
  author    = {Xin Li and
               Fuxin Li},
  title     = {Adversarial Examples Detection in Deep Networks with Convolutional
               Filter Statistics},
  journal   = {CoRR},
  volume    = {abs/1612.07767},
  year      = {2016},
  url       = {http://arxiv.org/abs/1612.07767},
  timestamp = {Wed, 07 Jun 2017 14:40:37 +0200},
  biburl    = {http://dblp.uni-trier.de/rec/bib/journals/corr/LiL16e},
  bibsource = {dblp computer science bibliography, http://dblp.org}
}